
@misc{dane_metodologigeneral_2019,
	title = {Metodología {General} Índice de {Precios} al {Consumidor} - {IPC}},
	url = {https://www.dane.gov.co/index.php/estadisticas-por-tema/precios-y-costos/indice-de-precios-al-consumidor-ipc/ipc-informacion-tecnica},
	publisher = {Dirección de Metodología y Producción Estadística - DIMPE},
	author = {{DANE}},
	month = dec,
	year = {2019},
}

@book{hussmanns_surveys_1990,
	address = {Geneva},
	title = {Surveys of economically active population, employment, unemployment, and underemployment: an {ILO} manual on concepts and methods},
	isbn = {978-92-2-106516-6},
	url = {https://www.ilo.org/global/statistics-and-databases/publications/WCMS_215885/lang--en/index.htm},
	publisher = {International Labour Office},
	author = {Hussmanns, Ralf and Mehran, Farhad and Varmā, Vijaya},
	year = {1990},
	keywords = {Labor supply, Underemployment, Unemployment},
}

@misc{ridley_when_2010,
	title = {When ideas have sex},
	url = {https://www.ted.com/talks/matt_ridley_when_ideas_have_sex?utm_campaign=tedspread&utm_medium=referral&utm_source=tedcomshare},
	author = {Ridley, Matt},
	year = {2010},
}

@book{ralph_practical_2015,
	address = {Chichester, West Sussex},
	title = {A practical introduction to index numbers},
	isbn = {978-1-118-97781-1},
	abstract = {"This book offers an introduction to the subject of index numbers for statisticians, economists and numerate members of the public"--},
	publisher = {Wiley},
	author = {Ralph, Jeff and O'Neill, Rob and Winton, Joe},
	year = {2015},
	keywords = {MATHEMATICS / Probability \& Statistics / General, Index numbers (Economics)},
}

@book{cardenas_introduccion_2020,
	edition = {4},
	title = {Introducción a la {Economía} {Colombiana}},
	isbn = {978-958-778-662-0},
	language = {Español},
	publisher = {Alfaomega},
	author = {Cardenas, Mauricio},
	year = {2020},
}

@misc{banco_de_la_republica_central_2021,
	title = {A {Central} {Bank} {\textbar} {Banco} de la {República}},
	url = {https://www.banrep.gov.co/en/node/7599},
	urldate = {2022-05-11},
	author = {Banco de la República},
	year = {2021},
	file = {A Central Bank | Banco de la República:C\:\\Users\\LUIFRANCGOM\\Zotero\\storage\\BEIL7QMH\\7599.html:text/html},
}

@book{cardenas_santamaria_introduccion_2020,
	title = {Introducción a la economía colombiana},
	isbn = {978-958-778-663-7},
	language = {Spanish},
	urldate = {2022-04-21},
	author = {Cárdenas Santamaría, Mauricio},
	year = {2020},
	note = {OCLC: 1237664095},
}

@misc{oecd_revenue_2022,
	title = {Revenue {Statistics} 2022 - {Colombia}},
	url = {https://www.oecd.org/colombia/revenue-statistics-colombia.pdf},
	urldate = {2023-01-10},
	author = {OECD},
	year = {2022},
}

@misc{oec_observatory_2022,
	title = {The {Observatory} of {Economic} {Complexity} (5.1)},
	url = {https://oec.world/},
	language = {English},
	urldate = {2022-01-27},
	author = {{OEC}},
	year = {2022},
}

@article{tovar_mora_risk_2007,
	title = {Risk, concentration and market power in the banking industry : evidence from the {Colombian} {System} (1997-2006)},
	copyright = {Al consultar y hacer uso de este recurso, está aceptando las condiciones de uso establecidas por los autores},
	issn = {1657-5334},
	shorttitle = {Risk, concentration and market power in the banking industry},
	url = {https://repositorio.uniandes.edu.co/handle/1992/8181},
	abstract = {This paper examines the relationship between risk, concentration and the exercise of market power by banking institutions. We use monthly balance-sheet and interest rate data for the Colombian banking system from 1997 to 2006. The evidence shows that, in the face of high risk, banks transfer a larger share of risk to customers through higher intermediation margins. The result suggests that systemic risk acts as a "collusion" device for banks: while high concentration is not enough to have collusion, the true effects of high market concentration on interest rates' mark-ups emerge when the system is under stress.},
	language = {eng},
	urldate = {2021-11-13},
	author = {Tovar Mora, Jorge Andrés and Jaramillo Herrera, Christian Rafael and Hernández, Carlos Arturo},
	year = {2007},
	note = {Accepted: 2018-09-27T16:51:05Z
Publisher: Universidad de los Andes, Facultad de Economía, CEDE},
	file = {Full Text PDF:C\:\\Users\\LUIFRANCGOM\\Zotero\\storage\\UMDEBVCS\\Tovar Mora et al. - 2007 - Risk, concentration and market power in the bankin.pdf:application/pdf;Snapshot:C\:\\Users\\LUIFRANCGOM\\Zotero\\storage\\QSTDDU6Q\\8181.html:text/html},
}

@misc{superintendencia_financiera_de_colombia_circular_2021,
	title = {Circular {Básica} {Contable} y {Financiera} ({Circular} {Externa} 100 de 1995)},
	url = {https://www.superfinanciera.gov.co/jsp/loader.jsf?lServicio=Publicaciones&lTipo=publicaciones&lFuncion=loadContenidoPublicacion&id=15466},
	author = {Superintendencia Financiera de Colombia},
	month = oct,
	year = {2021},
}

@misc{banrep_notitle_2021,
	url = {https://www.banrep.gov.co/en/node/22649},
	urldate = {2021-09-30},
	author = {Banrep},
	year = {2021},
	file = {A Central Bank | Banco de la República (banco central de Colombia):C\:\\Users\\LUIFRANCGOM\\Zotero\\storage\\ST99URA6\\22649.html:text/html},
}

@book{freixas_microeconomics_2008,
	address = {Cambridge, Mass},
	edition = {2nd ed},
	title = {Microeconomics of banking},
	isbn = {978-0-262-06270-1},
	publisher = {MIT Press},
	author = {Freixas, Xavier and Rochet, Jean-Charles},
	year = {2008},
	note = {OCLC: ocn124074959},
	keywords = {Mathematical models, Microeconomics, Banks and banking, Finance},
}

@book{krugman_return_2009,
	address = {New York},
	title = {The return of depression economics and the crisis of 2008},
	isbn = {978-0-393-07101-6},
	language = {eng},
	publisher = {W. W. Norton \&amp; company},
	author = {Krugman, Paul R.},
	year = {2009},
}

@incollection{durlauf_adverse_1987,
	address = {London},
	title = {Adverse {Selection}},
	isbn = {978-1-349-95121-5},
	url = {http://link.springer.com/10.1057/978-1-349-95121-5_104-1},
	language = {en},
	urldate = {2021-10-07},
	booktitle = {The {New} {Palgrave} {Dictionary} of {Economics}},
	publisher = {Palgrave Macmillan UK},
	author = {Wilson, Charles},
	editor = {Durlauf, Steven and Blume, Lawrence E.},
	year = {1987},
	doi = {10.1057/978-1-349-95121-5_104-1},
	pages = {1--4},
}

@incollection{levine_chapter_2005,
	title = {Chapter 12 {Finance} and {Growth}: {Theory} and {Evidence}},
	volume = {1},
	isbn = {978-0-444-52041-8},
	shorttitle = {Chapter 12 {Finance} and {Growth}},
	url = {https://linkinghub.elsevier.com/retrieve/pii/S1574068405010129},
	language = {en},
	urldate = {2021-10-07},
	booktitle = {Handbook of {Economic} {Growth}},
	publisher = {Elsevier},
	author = {Levine, Ross},
	year = {2005},
	doi = {10.1016/S1574-0684(05)01012-9},
	pages = {865--934},
}

@misc{congreso_de_colombia_decreto_1993,
	title = {Decreto 663 de 1993},
	url = {http://secretariasenado.gov.co/senado/basedoc/estatuto_organico_sistema_financiero.html},
	urldate = {2021-10-07},
	publisher = {Diario Oficial No. 40.820},
	author = {Congreso de Colombia},
	month = apr,
	year = {1993},
}

@article{hofstetter_ponzi_2018,
	title = {Ponzi schemes and the financial sector: {DMG} and {DRFE} in {Colombia}},
	volume = {96},
	issn = {03784266},
	shorttitle = {Ponzi schemes and the financial sector},
	url = {https://linkinghub.elsevier.com/retrieve/pii/S0378426618301791},
	doi = {10.1016/j.jbankfin.2018.08.011},
	language = {en},
	urldate = {2021-10-07},
	journal = {Journal of Banking \& Finance},
	author = {Hofstetter, Marc and Mejía, Daniel and Rosas, José Nicolás and Urrutia, Miguel},
	month = nov,
	year = {2018},
	pages = {18--33},
}

@techreport{carvajal_ponzi_2009,
	address = {Rochester, NY},
	type = {{SSRN} {Scholarly} {Paper}},
	title = {Ponzi {Schemes} in the {Caribbean}},
	url = {https://papers.ssrn.com/abstract=1403766},
	language = {en},
	number = {ID 1403766},
	urldate = {2021-10-07},
	institution = {Social Science Research Network},
	author = {Carvajal, Ana and Monroe, Hunter and Wynter, Brian and Pattillo, Catherine A.},
	month = apr,
	year = {2009},
	keywords = {Capital flows, Capital markets, Caribbean, Cross country analysis, Income, Nonbank financial sector, Private investment, Securities markets, Securities regulations},
	file = {Snapshot:C\:\\Users\\LUIFRANCGOM\\Zotero\\storage\\YR75Y7WT\\papers.html:text/html},
}

@misc{world_bank_financial_2016,
	type = {Text/{HTML}},
	title = {Financial {Depth}},
	url = {https://www.worldbank.org/en/publication/gfdr/gfdr-2016/background/financial-depth},
	language = {en},
	urldate = {2021-10-04},
	journal = {World Bank},
	author = {World Bank},
	year = {2016},
	file = {Snapshot:C\:\\Users\\LUIFRANCGOM\\Zotero\\storage\\75B8ZJH4\\financial-depth.html:text/html},
}

@misc{banrep_canales_2020,
	title = {Canales de transmisión de la política monetaria},
	url = {https://www.banrep.gov.co/es/canales-transmision-politica-monetaria},
	abstract = {Cuando la Junta Directiva del Banco toma una decisión sobre el nivel de la tasa de interés de intervención, una persona del común se puede hacer preguntas como: ¿y eso sí me afecta?, o ¿esa tasa cómo},
	language = {es},
	urldate = {2021-09-30},
	journal = {Banco de la República (banco central de Colombia)},
	author = {Banrep},
	month = sep,
	year = {2020},
	file = {Snapshot:C\:\\Users\\LUIFRANCGOM\\Zotero\\storage\\DQYPDF8U\\canales-transmision-politica-monetaria.html:text/html},
}

@article{nash_ideal_2002,
	title = {Ideal {Money}},
	volume = {69},
	issn = {00384038},
	url = {https://www.jstor.org/stable/1061553?origin=crossref},
	doi = {10.2307/1061553},
	number = {1},
	urldate = {2021-09-30},
	journal = {Southern Economic Journal},
	author = {Nash, John F.},
	month = jul,
	year = {2002},
	pages = {4},
}

@book{herger_understanding_2019,
	address = {Cham},
	title = {Understanding {Central} {Banks}},
	isbn = {978-3-030-05161-7 978-3-030-05162-4},
	url = {http://link.springer.com/10.1007/978-3-030-05162-4},
	language = {en},
	urldate = {2021-09-30},
	publisher = {Springer International Publishing},
	author = {Herger, Nils},
	year = {2019},
	doi = {10.1007/978-3-030-05162-4},
}

@book{oecd_revenue_2020,
	series = {Revenue {Statistics}},
	title = {Revenue {Statistics} 2020},
	isbn = {978-92-64-95556-1 978-92-64-54583-0 978-92-64-33880-7 978-92-64-69106-3},
	url = {https://www.oecd-ilibrary.org/taxation/revenue-statistics-2020_8625f8e5-en},
	language = {en},
	urldate = {2021-09-24},
	publisher = {OECD},
	author = {{OECD}},
	month = dec,
	year = {2020},
	doi = {10.1787/8625f8e5-en},
}

@misc{observatorio_fiscal_de_la_universidad_javeriana_guiciudadana_2018,
	title = {Guía ciudadana a la tributación  y el gasto del {Estado} colombiano},
	url = {https://www.ofiscal.org/publicaciones},
	urldate = {2021-09-24},
	author = {Observatorio Fiscal de la Universidad Javeriana},
	year = {2018},
}

@book{oecd_government_2021,
	series = {Government at a {Glance}},
	title = {Government at a {Glance} 2021},
	isbn = {978-92-64-90969-4 978-92-64-96406-8 978-92-64-52868-0 978-92-64-92141-2},
	url = {https://www.oecd-ilibrary.org/governance/government-at-a-glance-2021_1c258f55-en},
	language = {en},
	urldate = {2021-09-23},
	publisher = {OECD},
	author = {{OECD}},
	month = jul,
	year = {2021},
	doi = {10.1787/1c258f55-en},
}

@misc{ciefp_clasificacion_2019,
	title = {Clasificación de entidades del sector público colombiano para la elaboración de {Estadísticas} de {Finanzas} {Públicas}},
	url = {http://www.urf.gov.co/webcenter/ShowProperty?nodeId=/ConexionContent/WCC_CLUSTER-120439},
	urldate = {2021-09-23},
	author = {CIEFP},
	month = dec,
	year = {2019},
}

@misc{mhcp_marco_2021,
	title = {Marco {Fiscal} de {Mediano} {Plazo} 2021},
	url = {https://www.minhacienda.gov.co/webcenter/portal/EntidadesFinancieras/pages_EntidadesFinancieras/PoliticaFiscal/MarcoFiscalMedianoPlazo/marcofiscaldemedianoplazo2021},
	urldate = {2021-09-23},
	author = {MHCP},
	month = jun,
	year = {2021},
}

@book{international_monetary_fund_government_2014,
	address = {Washington, DC},
	title = {Government finance statistics manual 2014},
	isbn = {978-1-4983-7916-8 978-1-4983-4376-3},
	language = {eng},
	publisher = {IMF},
	editor = {International Monetary Fund},
	year = {2014},
	file = {Table of Contents PDF:C\:\\Users\\LUIFRANCGOM\\Zotero\\storage\\D58VPW9M\\Internationaler Währungsfonds - 2014 - Government finance statistics manual 2014.pdf:application/pdf},
}

@book{council_for_economic_education_focus_2010,
	address = {New York, NY},
	title = {Focus: {Understanding} economics in civics and government},
	isbn = {978-1-56183-662-8},
	shorttitle = {Focus},
	language = {English},
	author = {Council For Economic Education},
	year = {2010},
	note = {OCLC: 1074840709},
}

@misc{neely_constructing_2020,
	title = {Constructing a bilateral real exchange rate {\textbar} {FRED} {Blog}},
	url = {https://fredblog.stlouisfed.org/2020/07/constructing-a-bilateral-real-exchange-rate/},
	language = {en-US},
	urldate = {2021-09-20},
	author = {Neely, Chris},
	month = jul,
	year = {2020},
	file = {Snapshot:C\:\\Users\\LUIFRANCGOM\\Zotero\\storage\\MMZSLAR4\\constructing-a-bilateral-real-exchange-rate.html:text/html},
}

@book{vereinte_nationen_manual_2002,
	address = {Genf},
	series = {Statistical papers {Series} {M} / {United} {Nations}, {Department} of {International} {Economic} and {Social} {Affairs}, {Statistical} {Office}},
	title = {Manual on statistics of international trade in services},
	isbn = {978-92-1-161448-0 978-1-58906-128-6},
	language = {eng},
	number = {86},
	editor = {Vereinte Nationen and Europäische Kommission},
	year = {2002},
}

@book{united_nations_manual_2012,
	address = {Geneva ; New York},
	edition = {Rev. ed},
	series = {Economic \& {Social} {Affairs}},
	title = {Manual on {Statistics} of {International} {Trade} in {Services} 2010: {MSITS} 2010},
	isbn = {978-92-1-161542-5},
	shorttitle = {Manual on {Statistics} of {International} {Trade} in {Services} 2010},
	publisher = {United Nations},
	editor = {United Nations},
	year = {2012},
	keywords = {International trade, Service industries, Statistics Handbooks, manuals, etc},
	annote = {"ST/ESA/M.86/Rev.1."},
}

@misc{rba_balance_2021,
	title = {The {Balance} of {Payments} {\textbar} {Explainer} {\textbar} {Education}},
	copyright = {You may download, display, print or reproduce material on this website in unaltered form for your personal, non-commercial use within your organisation, with proper attribution given to the Reserve Bank of Australia. Other than for any use under the Copyright Act 1968, all rights reserved.},
	url = {https://www.rba.gov.au/education/resources/explainers/the-balance-of-payments.html},
	abstract = {This series provides short, concise explanations for various economics topics.},
	language = {en-AU},
	urldate = {2021-09-18},
	journal = {Reserve Bank of Australia},
	author = {RBA},
	year = {2021},
	note = {Archive Location: Australia
Last Modified: 2020-09-02
Publisher: scheme=AGLSTERMS.AglsAgent; corporateName=Reserve Bank of Australia},
	file = {Snapshot:C\:\\Users\\LUIFRANCGOM\\Zotero\\storage\\SQQ7B5PE\\the-balance-of-payments.html:text/html},
}

@misc{machen_investigation_2021,
	title = {Investigation of {Data} {Irregularities} in   {Doing} {Business} 2018 and {Doing} {Business} 2020},
	url = {https://www.worldbank.org/en/news/statement/2021/09/16/world-bank-group-to-discontinue-doing-business-report},
	author = {Machen, Ronald C and Jones, Matthew T and Varghese, George and Starkber, Emily L},
	month = sep,
	year = {2021},
}

@book{international_monetary_fund_balance_2009,
	address = {Washington D.C},
	edition = {6th ed},
	title = {Balance of payments and international investment position manual},
	isbn = {978-1-58906-812-4},
	publisher = {International Monetary Fund},
	editor = {International Monetary Fund},
	year = {2009},
	note = {OCLC: ocn565950005},
	keywords = {Statistics, Balance of payments, Handbooks, manuals, etc, International finance, Investments, Foreign},
	annote = {Previously published as: Balance of payments manual Includes index},
}

@book{world_bank_doing_2020,
	title = {Doing {Business} 2020: {Comparing} {Business} {Regulation} in 190 {Economies}},
	isbn = {978-1-4648-1440-2},
	shorttitle = {Doing {Business} 2020},
	url = {http://hdl.handle.net/10986/32436},
	language = {en},
	urldate = {2021-09-14},
	publisher = {Washington, DC: World Bank},
	author = {{World Bank}},
	year = {2020},
	doi = {10.1596/978-1-4648-1440-2},
}

@article{kaufmann_worldwide_2011,
	title = {The {Worldwide} {Governance} {Indicators}: {Methodology} and {Analytical} {Issues}},
	volume = {3},
	issn = {1876-4045, 1876-4053},
	shorttitle = {The {Worldwide} {Governance} {Indicators}},
	url = {http://www.journals.cambridge.org/abstract_S1876404511200046},
	doi = {10.1017/S1876404511200046},
	language = {en},
	number = {02},
	urldate = {2021-09-13},
	journal = {Hague Journal on the Rule of Law},
	author = {Kaufmann, Daniel and Kraay, Aart and Mastruzzi, Massimo},
	month = sep,
	year = {2011},
	pages = {220--246},
	file = {Submitted Version:C\:\\Users\\LUIFRANCGOM\\Zotero\\storage\\KZW5WJ5Y\\Kaufmann et al. - 2011 - The Worldwide Governance Indicators Methodology a.pdf:application/pdf},
}

@article{north_institutions_1991,
	title = {Institutions},
	volume = {5},
	issn = {0895-3309},
	url = {https://pubs.aeaweb.org/doi/10.1257/jep.5.1.97},
	doi = {10.1257/jep.5.1.97},
	language = {en},
	number = {1},
	urldate = {2021-09-13},
	journal = {Journal of Economic Perspectives},
	author = {North, Douglass C},
	month = feb,
	year = {1991},
	pages = {97--112},
	file = {Submitted Version:C\:\\Users\\LUIFRANCGOM\\Zotero\\storage\\9MLS3PTN\\North - 1991 - Institutions.pdf:application/pdf},
}

@book{north_institutions_1990,
	address = {Cambridge ; New York},
	series = {The {Political} economy of institutions and decisions},
	title = {Institutions, institutional change, and economic performance},
	isbn = {978-0-521-39416-1 978-0-521-39734-6},
	publisher = {Cambridge University Press},
	author = {North, Douglass C.},
	year = {1990},
	keywords = {Economic development, Institutional economics, Organizational change},
}

@misc{de_vries_total_2017,
	title = {Total {Economy} {Database}: {A} detailed guide to its sources and methods},
	url = {https://conference-board.org/data/economydatabase/total-economy-database-methodology},
	author = {de Vries, Klaas and Azeez Erumban, Abdul},
	month = nov,
	year = {2017},
}

@book{oecd_measuring_2009,
	title = {Measuring {Capital} - {OECD} {Manual} 2009: {Second} edition},
	isbn = {978-92-64-02563-9 978-92-64-06847-6},
	shorttitle = {Measuring {Capital} - {OECD} {Manual} 2009},
	url = {https://www.oecd-ilibrary.org/economics/measuring-capital-oecd-manual-2009_9789264068476-en},
	language = {en},
	urldate = {2021-09-09},
	publisher = {OECD},
	author = {{OECD}},
	month = sep,
	year = {2009},
	doi = {10.1787/9789264068476-en},
}

@book{oecd_measuring_2001,
	title = {Measuring {Productivity} - {OECD} {Manual}: {Measurement} of {Aggregate} and {Industry}-level {Productivity} {Growth}},
	isbn = {978-92-64-18737-5 978-92-64-19451-9},
	shorttitle = {Measuring {Productivity} - {OECD} {Manual}},
	url = {https://www.oecd-ilibrary.org/industry-and-services/measuring-productivity-oecd-manual_9789264194519-en},
	language = {en},
	urldate = {2021-09-09},
	publisher = {OECD},
	author = {{OECD}},
	month = jul,
	year = {2001},
	doi = {10.1787/9789264194519-en},
}

@misc{nasa_earth_observatory_korea_2012,
	title = {Korea and the {Yellow} {Sea}},
	url = {https://earthobservatory.nasa.gov/images/79796/korea-and-the-yellow-sea},
	abstract = {While city lights at night serve as a good proxy for population density, North Korea provides a dark exception.},
	language = {en},
	urldate = {2021-09-07},
	author = {NASA Earth Observatory and Allen, Jesse Allen and Simmon, Robert},
	month = dec,
	year = {2012},
	note = {Publisher: NASA Earth Observatory},
	file = {Snapshot:C\:\\Users\\LUIFRANCGOM\\Zotero\\storage\\XM8M3BQB\\korea-and-the-yellow-sea.html:text/html},
}

@misc{taylor_26_2013,
	title = {26 {Years} of {Growth}: {Shanghai} {Then} and {Now} - {The} {Atlantic}},
	shorttitle = {26 {Years} of {Growth}},
	url = {https://www.theatlantic.com/photo/2013/08/26-years-of-growth-shanghai-then-and-now/100569/},
	language = {en},
	urldate = {2021-09-07},
	author = {Taylor, Alan},
	month = aug,
	year = {2013},
	file = {Snapshot:C\:\\Users\\LUIFRANCGOM\\Zotero\\storage\\N9MPYDSF\\100569.html:text/html},
}

@misc{bolt_maddison_2020,
	title = {Maddison {Project} {Database} 2020},
	url = {https://www.rug.nl/ggdc/historicaldevelopment/maddison/releases/maddison-project-database-2020},
	abstract = {Maddison Project Database 2020},
	language = {en},
	urldate = {2021-09-06},
	journal = {University of Groningen},
	author = {Bolt, Jutta and van Zanden, Jan Luiten},
	month = oct,
	year = {2020},
	file = {Snapshot:C\:\\Users\\LUIFRANCGOM\\Zotero\\storage\\2NGE6TUU\\maddison-project-database-2020.html:text/html},
}

@article{roser_economic_2013,
	title = {Economic {Growth}},
	url = {https://ourworldindata.org/economic-growth},
	abstract = {All of today’s rich countries were poor in the past – how do poor countries become rich?},
	urldate = {2021-09-06},
	journal = {Our World in Data},
	author = {Roser, Max},
	month = nov,
	year = {2013},
	file = {Snapshot:C\:\\Users\\LUIFRANCGOM\\Zotero\\storage\\MG8PKHKU\\economic-growth.html:text/html},
}

@article{abs_demystifying_2003,
	title = {Demystifying {Chain} {Volume} {Measures}},
	url = {https://www.ausstats.abs.gov.au/ausstats/subscriber.nsf/0/08CFB1A8C9431C57CA256D030004EE42/$File/13675_mar%202003.pdf},
	urldate = {2021-09-01},
	journal = {Western Australian Statistical Indicators},
	author = {ABS},
	month = mar,
	year = {2003},
	pages = {16--25},
}

@book{hyndman_forecasting_2021,
	title = {Forecasting: {Principles} and {Practice} (3rd ed)},
	shorttitle = {Forecasting},
	url = {https://Otexts.com/fpp3/},
	abstract = {3rd edition},
	urldate = {2021-08-30},
	author = {Hyndman, Robin John and Athanasopoulos, George},
	month = aug,
	year = {2021},
	file = {Snapshot:C\:\\Users\\LUIFRANCGOM\\Zotero\\storage\\SXB828EZ\\fpp3.html:text/html},
}

@misc{dane_cuentas_2018,
	title = {Cuentas {Nacionales} {Trimestrales} {Ajuste} {Estacional}},
	url = {https://www.dane.gov.co/files/investigaciones/boletines/pib/ajuste-estacional-pib.pdf},
	language = {Spanish},
	author = {DANE},
	month = aug,
	year = {2018},
}

@book{lequiller_understanding_2014,
	title = {Understanding {National} {Accounts}: {Second} {Edition}},
	isbn = {978-92-64-21462-0 978-92-64-21463-7 978-92-64-22411-7},
	shorttitle = {Understanding {National} {Accounts}},
	url = {https://www.oecd-ilibrary.org/economics/understanding-national-accounts_9789264214637-en},
	language = {en},
	urldate = {2021-08-27},
	publisher = {OECD},
	author = {Lequiller, François and Blades, Derek},
	month = oct,
	year = {2014},
	doi = {10.1787/9789264214637-en},
}

@misc{dane_clasicacion_2020,
	title = {Clasiﬁcación {Industrial} {Internacional} {Uniforme} de todas las actividades económicas {Revisión} 4 adaptada para {Colombia}},
	url = {https://www.dane.gov.co/files/sen/nomenclatura/ciiu/CIIU_Rev_4_AC2020.pdf},
	author = {DANE},
	month = mar,
	year = {2020},
}

@book{united_nations_principles_2017,
	series = {Statistical {Papers} ({Ser}. {M})},
	title = {Principles and {Recommendations} for {Population} and {Housing} {Censuses}, {Revision} 3},
	isbn = {978-92-1-057394-8},
	url = {https://www.un-ilibrary.org/content/books/9789210573948},
	language = {en},
	urldate = {2021-08-16},
	publisher = {UN},
	author = {{United Nations}},
	month = nov,
	year = {2017},
	doi = {10.18356/bb3ea73e-en},
}

@misc{dane_cuestionario_2019,
	title = {Cuestionario {I} {Trimestre} {Etapas} 2001-2002-2003 - {GEIH} - {Enero} - {Marzo} - 2020},
	url = {http://microdatos.dane.gov.co/index.php/catalog/659/related_materials},
	language = {Spanish},
	author = {DANE},
	month = dec,
	year = {2019},
}

@misc{dnp_pobreza_2012,
	title = {Pobreza monetaria en colombia: nueva metodología y cifras 2002-2010 resultados 2ª {Fase} de la {MESEP}},
	url = {http://microdatos.dane.gov.co/index.php/catalog/708/related_materials},
	language = {Spanish},
	author = {DNP and DANE},
	month = feb,
	year = {2012},
}

@book{cardenas_santamaria_introduccion_2013,
	address = {Bogotá, Colombia},
	title = {Introducción a la economía colombiana},
	isbn = {978-958-682-845-1},
	language = {Spanish},
	publisher = {Alfaomega},
	author = {Cárdenas Santamaría, Mauricio and Junguito, Roberto and García, Camilo and Rosales, María Fernanda},
	year = {2013},
	note = {OCLC: 991816395},
}
